@BOOK{Sid99,
   AUTHOR = {Charles H. Sides},
   YEAR = {1999},
   TITLE = {How to Write \& Present Technical Information},
   EDITION = {3rd},
   ADDRESS = {Cambridge},
   PUBLISHER = {Cambridge University Press}   }

@CONFERENCE{1997Merlino,
  author = {P.Dollar, R.Appel, S.Belongie and P.Perona},
  title = {Fast feature pyramids for object detection},
  booktitle = {TPAMI},
  year = {2014}
}

@BOOK{StrWhi79,
   AUTHOR = {Strunk Jr., William and E. B. White},
   YEAR = {1979},
   TITLE = {The Elements of Style},
   EDITION = {3rd},
   ADDRESS = {New York},
   PUBLISHER = {Macmillan Publishing Co.}   }

@BOOK{Coo64,
   author={Bruce M. Cooper},
   title={Writing Technical Reports},
   publisher={Penguin Books},
   year={1964},
   address={Middlesex}}

@MISC{Noo05,
   author={Saeid Nooshabadi},
   title={Bachelor of Engineering Thesis and Project:
      timetable and notes for students},
   howpublished={http://\hspace{0cm}\relax
      scoff.ee.unsw.edu.au/\hspace{0cm}document/\hspace{0cm}\relax
      thesis/\hspace{0cm}thnotes2.pdf, accessed 14/11/2005},
   year={2005},
   note={School of El.\ Eng.\ and Telecom., UNSW} }

@MISC{She05,
   author={John Shepherd},
   title={Doing a CSE Thesis},
   howpublished={http://\hspace{0cm}\relax
      www.cse.unsw.edu.au/\hspace{0cm}\~{}jas/talks/\hspace{0cm}\relax
      thesis/, accessed 14/11/2005},
   year={2005},
   note={School of Comp.\ Sci.\ and Eng., UNSW} }

@ARTICLE{NieLeh03,
   AUTHOR = {Jannik Hammel Nielsen and Torsten Lehmann},
   YEAR = {2003},
   TITLE = {An Implantable {CMOS} Amplifier for Nerve Signals},
   JOURNAL = {Analog Integrated Circuits and Signal Processing},
   VOLUME = {36},
   NUMBER = {1--2},
   MONTH = {July-August},
   PAGES = {153--164}  }

@INPROCEEDINGS{HasLehKwo05,
   AUTHOR = {Tawfique Hasan and Torsten Lehmann and Chee Yee Kwok},
   YEAR = {2005},
   TITLE = {A 5{V} Charge Pump in a Standard 1.8{V} 0.8{$\mu$m} {CMOS}
                Process},
   BOOKTITLE = {{IEEE} International Symposium on Circuits and Systems},
   PAGES = {1899-1902},
   ADDRESS = {Kobe, Japan} }

@MISC{GRS14,
   author={GRS},
   title={Thesis Format Guide: A guide for candidates preparing to submit their thesis for examination},
   howpublished={https://\hspace{0cm}\relax 
      research.unsw.edu.au/\hspace{0cm}\relax       
      document/\hspace{0cm}\relax 
      thesis\_format\_guide.pdf\hspace{0cm}\relax, accessed 14/04/2015},
   year={2014},
   note={Graduate Research School, UNSW} }


@BOOK{Brownlee,
   author={Brownlee, Jason},
   title={How to Use ROC Curves and Precision Recall Curves for Classification inPython},
   howpublished={https://machinelearningmastery.com/roc-curves-and-precision-recall-curves-for-classification-in-python/, accessed 24/04/2021},
   year={2014},
   note={Machine Learning Mastery Pty. Ltd} }

@BOOK{Lunardo,
   author={Lunardo, Nicola and Menardi, Giovanna and Torelli, Nicola},
   title={ROSE: A Package for Binary Imbalanced Learning},
   year={2014},
    note={DOI: https://journal.r-project.org/archive/2014/RJ-2014-008/RJ-2014-008.pdf}
    }
   
@BOOK{Goldsmith2013,
   author={Goldsmith, Benjamin E and Butcher, Charles and Nanlohy, Sascha and Sowmya, Arcot and Muchlinski},
   title={Forecasting the onset of genocide and politicide: Annual out-of-sample forecast on a global dataset, 1998-2003},
   year={2013},
   }
    
@BOOK{Goldsmith2018,
   author={Goldsmith, Benjamin E and Butcher, Charles},
   title={Genocide Forecasting Past Accuracy and New Forecasts to 2020},
   year={1964},
   DOI={https://doi.org/10.1080/14623528.2017.1379631}}
    
@BOOK{Goldsmith2020,
   author={Goldsmith, Benjamin E and Butcher, Charles and Nanlohy, Sascha and Sowmya, Arcot and Muchlinski, David},
   title={‘Introducing the Targeted Mass Killing Dataset for the Study and Forecasting of Mass
Atrocities'},
   year={2020},
    note={Journal of Conflict Resolution [In Press]}}
    
@BOOK{Harff2003,
   author={Harff, Barbara},
   title={‘No Lessons Learned from the Holocaust? Assessing Risks of Genocide and
Political Mass Murder since 1955'},
   year={2003},
    note={American Political Science Association Vol. 97, No. 1.}}
    

@BOOK{EricQian,
   author={Qian, Eric},
   title={Forecasting the Onset of Genocidal Killings (Thesis)},
   year={2019},
   note={UNSW School of Computer Science and Engineering}}
    
@BOOK{Aravind,
  author={Aravind Pai },
  title={CNN vs RNN - Analyzing 3 types of Neural Networks in Deep Learning},
  year={2020},
  url="https://www.analyticsvidhya.com/blog/2020/02/cnn-vs-rnn-vs-mlp-analyzing-3-types-of-neural-networks-in-deep-learning/"
  }


@BOOK{Berard,
  author={Berard},
  title={Deep Learning to the Rescue},
  year={2019},
  url="https://www.securityinfowatch.com/video-surveillance/video-analytics/article/21069937/deep-learning-to-the-rescue"
  }
  
  
@MISC{Iconfinder,
  author={Iconfinder},
  title={Python Icon},
  year={2020},
  url="https://www.iconfinder.com/icons/4518857/python_icon"
  }
  
@BOOK{Johnson,
  author={Johnson and Khoshgoftaar},
  title={Survey on deep learning with class imbalance},
  year={2019},
  DOI="10.1186/s40537-019-0192-5"
  }

@BOOK{Limarc,
  author={Limarc Ambalina},
  title={What is the Difference between CNN and RNN},
  year={2020},
  url="https://lionbridge.ai/articles/difference-between-cnn-and-rnn/"
  }

@BOOK{Yan,
  author={Yan, Chen and Shyu, Chen},
  title={Deep learning for imbalanced multimedia data classification},
  year={2015},
  DOI="10.1109/ISM.2015.126"}
 
@BOOK{smotefamily,
  author={Wacharasak Siriseriwan},
  title={A Collection of Oversampling Techniques for Class Imbalance
Problem Based on SMOTE},
  year={2019},
  url="https://cran.r-project.org/web/packages/smotefamily/smotefamily.pdf"}
  
@BOOK{rose,
  author={Nicola Lunardon },
  title={ROSE: Random Over-Sampling Examples},
  year={2015},
  url="https://cran.r-project.org/web/packages/ROSE/ROSE.pdf"}
  
@BOOK{mice,
  author={Stef van Buuren},
  title={Multivariate Imputation by Chained Equations},
  year={2021},
  url="https://cran.r-project.org/web/packages/mice/mice.pdf"}
  

@BOOK{keras,
  author={François Chollet},
  title={Keras Functional API},
  year={2019},
  url="https://keras.io/guides/functional_api/"}
  
@BOOK{Matplotlib,
  author={Michael Droettboom and et al},
  title={Matplotlib Functions},
  year={2021},
  url="https://matplotlib.org/"}

@BOOK{vanBuren,
  author={Van Buren, Stef},
  title={Flexible Imputation of Missing Data, Chapman & Hall/CRC Interdisciplinary Statistics Series, Canada},
  year={2018}}

@BOOK{JasonBea,
  author={Jason Beaubien},
  title={Is Genocide Predictable? Researchers Say Absolutely},
  year={2018},
  url="https://www.npr.org/sections/goatsandsoda/2018/12/20/675582639/is-genocide-predictable-researchers-say-absolutely"}
  
  
@BOOK{carthgeae,
  author={Goke Akinboye},
  title={Why Was Carthage Destroyed? A Re-Examination from an Economic Perspective By},
  year={2014},
  url="https://www.researchgate.net/publication/323693332_Why_Was_Carthage_Destroyed_A_Re-Examination_from_an_Economic_Perspective_By",
  DOI=10.4314/jpc.v5i1.5}
  
@BOOK{genocideoccur,
  author={Anderton, Charles H.and Carter, John. R},
  title={‘A New Look at Weak State Conditions and Genocide
Risk’},
  year={2015},
  DOI="https://doi.org/10.1515/peps-2014-0008"}
  
  
@BOOK{holocuast,
  author={Yehuda, Bauer},
  title={On the Place of the Holocaust in Histroy},
  year={1987}}
  
  
@BOOK{database,
  author={Gale A Cengage Company},
  title={Gale Database},
  year={2016}}
  
@BOOK{unitednations,
  author={United Nations},
  title={) Responsibility to Protect (Online)},
  year={2005},
  url="https://www.un.org/en/genocideprevention/about-responsibility-to-protect.shtml"}
  
  
  @BOOK{anderton,
  author={Anderton, Charles H.and Carter, John. R},
  title={ ‘A New Look at Weak State Conditions and Genocide
Risk’},
  year={2015},
  DOI="https://doi.org/10.1515/peps-2014-0008"}
  
  @BOOK{nirarbel,
  author={Nir Arbel},
  title={How LSTM networks solve the problem of vanishing gradients},
  year={2018},
  url="https://medium.datadriveninvestor.com/how-do-lstm-networks-solve-the-problem-of-vanishing-gradients-a6784971a577"}
  
    @BOOK{barakor,
  author={Barak Or},
  title={The Exploding and Vanishing Gradients Problem in Time Series},
  year={2020},
  url="https://towardsdatascience.com/the-exploding-and-vanishing-gradients-problem-in-time-series-6b87d558d22"}
  
      @BOOK{vidwath,
  author={Vidwath, Raj and Sven, Magg and Stefan Wermter},
  title={Towards Effective Classification of Imbalanced Data with Convolutional Neural Networks},
  year={2016}}
  
        @BOOK{Fernandez,
  author={Fernandez, Alberto and Garcia, Salvador and Galar, Mikel and Prati, Ronaldo C and Krawczyk, Bartosz and Herrera, Francisco.},
  title={Learning from Imbalanced Datasets},
  year={2018}}
  
          @BOOK{Furianello,
  author={Granitto, Furianello},
  title={Recursive feature elimination with random forest for PTR-MS analysis},
  year={2006}}
  
  